<?xml version="1.0" encoding="UTF-8"?><collection xmlns="http://www.loc.gov/MARC21/slim"><record><leader>00494nam--2200181-i-4500</leader><controlfield tag="001">000042782</controlfield><controlfield tag="002">20161230</controlfield><controlfield tag="005">20161230201043</controlfield><controlfield tag="008">060222s1000------------r-----000-0-rum-d</controlfield><datafield ind1=" " ind2=" " tag="040"><subfield code="a">IFIN-HH</subfield></datafield><datafield ind1=" " ind2=" " tag="041"><subfield code="a">rum</subfield></datafield><datafield ind1=" " ind2=" " tag="080"><subfield code="a">536.2+536.7</subfield></datafield><datafield ind1="1" ind2=" " tag="100"><subfield code="a">Stefanescu,Dan</subfield></datafield><datafield ind1="1" ind2="0" tag="245"><subfield code="a">Transmisia de caldura si dinamica gazelor</subfield><subfield code="c">Dan stefanescu</subfield></datafield><datafield ind1=" " ind2=" " tag="260"><subfield code="a">Bucuresti</subfield><subfield code="b">Litografia Invatamantului</subfield><subfield code="c">1955</subfield></datafield><datafield ind1=" " ind2=" " tag="300"><subfield code="a">480 P.LITO+ TABLA DE MATERII</subfield></datafield><datafield ind1=" " ind2=" " tag="852"><subfield code="a">4375</subfield><subfield code="c">535</subfield></datafield><datafield ind1=" " ind2=" " tag="CAT"><subfield code="a">Sys</subfield><subfield code="c">20110502</subfield><subfield code="h">162945</subfield></datafield></record></collection>